<?xml version='1.0' encoding='UTF-8'?>
<record xmlns="http://www.loc.gov/MARC21/slim">
  <leader>01538cam a2200325 a 4500</leader>
  <controlfield tag="001">347856</controlfield>
  <controlfield tag="003">NjP</controlfield>
  <controlfield tag="005">20171011102534.0</controlfield>
  <controlfield tag="008">861218s1956    sy ac         000 0 arard</controlfield>
  <datafield tag="024" ind1="7" ind2=" ">
    <subfield code="a">princeton_aco002890</subfield>
    <subfield code="2">local</subfield>
  </datafield>
  <datafield ind1=" " ind2=" " tag="035">
    <subfield code="a">(OCoLC)ocn175950905</subfield>
  </datafield>
  <datafield ind1=" " ind2=" " tag="040">
    <subfield code="a">NjP</subfield>
    <subfield code="c">PUL</subfield>
    <subfield code="d">PUL</subfield>
  </datafield>
  <datafield ind1=" " ind2=" " tag="035">
    <subfield code="a">(OCoLC)175950905</subfield>
  </datafield>
  <datafield ind1=" " ind2=" " tag="035">
    <subfield code="a">(CStRLIN)NJPG86-B57340</subfield>
  </datafield>
  <datafield ind1=" " ind2=" " tag="035">
    <subfield code="9">ABS3219TS</subfield>
  </datafield>
  <datafield ind1=" " ind2=" " tag="035">
    <subfield code="a">(NjP)347856</subfield>
  </datafield>
  <datafield ind1=" " ind2=" " tag="079">
    <subfield code="a">ocm78964282</subfield>
  </datafield>
  <datafield ind1=" " ind2=" " tag="049">
    <subfield code="a">PULL</subfield>
  </datafield>
  <datafield ind1="1" ind2=" " tag="100">
    <subfield code="a">Germanus, Gyula,</subfield>
    <subfield code="d">1884-1979.</subfield>
    <subfield code="0">http://id.loc.gov/authorities/names/n80123107</subfield>
  </datafield>
  <datafield ind1="1" ind2="0" tag="245">
    <subfield code="6">880-01</subfield>
    <subfield code="a">Bayna fikrayn :</subfield>
    <subfield code="b">al-athar al-shaʻbī al-mubdiʻ fī al-nitāj al-fikrī /</subfield>
    <subfield code="c">ʻAbd al-Karīm Jirmānūs ; iʻdād wa-ishrāf ʻalá ṭabʻihi Ṣalāḥ Duhnī.</subfield>
  </datafield>
  <datafield ind1=" " ind2=" " tag="260">
    <subfield code="6">880-02</subfield>
    <subfield code="a">Dimashq :</subfield>
    <subfield code="b">Maṭābiʻ Fatá al-ʻArab,</subfield>
    <subfield code="c">[1956]</subfield>
  </datafield>
  <datafield ind1=" " ind2=" " tag="300">
    <subfield code="a">128 p. :</subfield>
    <subfield code="b">ill., ports. ;</subfield>
    <subfield code="c">20 cm.</subfield>
  </datafield>
  <datafield ind1=" " ind2="0" tag="650">
    <subfield code="a">Arabic literature</subfield>
    <subfield code="y">20th century</subfield>
    <subfield code="x">History and criticism.</subfield>
    <subfield code="0">http://id.loc.gov/authorities/subjects/sh2007101243</subfield>
  </datafield>
  <datafield ind1=" " ind2="0" tag="650">
    <subfield code="a">Hungarian literature</subfield>
    <subfield code="y">20th century</subfield>
    <subfield code="x">History and criticism.</subfield>
    <subfield code="0">http://id.loc.gov/authorities/subjects/sh2008105932</subfield>
  </datafield>
  <datafield ind1="1" ind2="0" tag="880">
    <subfield code="6">245-01/r</subfield>
    <subfield code="a">بين فكرين :</subfield>
    <subfield code="b">الاثر الشعبي المبدع في النتاج الفكري /</subfield>
    <subfield code="c">عبد الكريم جرمانوس ؛ اعداد واشراف على طبعه صلاح دهني.</subfield>
  </datafield>
  <datafield ind1=" " ind2=" " tag="880">
    <subfield code="6">260-02/r</subfield>
    <subfield code="a">دمشق :</subfield>
    <subfield code="b">مطابع فتى العرب،</subfield>
    <subfield code="c">[1956]</subfield>
  </datafield>
  <datafield ind1=" " ind2=" " tag="998">
    <subfield code="a">12/18/86</subfield>
    <subfield code="s">9124</subfield>
    <subfield code="n">NjP</subfield>
    <subfield code="w">NJPG86B57340</subfield>
    <subfield code="d">12/18/86</subfield>
    <subfield code="c">SSH</subfield>
    <subfield code="b">JCB</subfield>
    <subfield code="i">861218</subfield>
    <subfield code="l">NJPG</subfield>
  </datafield>
  <datafield ind1=" " ind2=" " tag="948">
    <subfield code="a">CON PC2</subfield>
  </datafield>
  <datafield ind1=" " ind2=" " tag="911">
    <subfield code="a">19921028</subfield>
  </datafield>
  <datafield ind1=" " ind2=" " tag="912">
    <subfield code="a">19900827000000.0</subfield>
  </datafield>
  <datafield ind1=" " ind2=" " tag="994">
    <subfield code="a">C0</subfield>
    <subfield code="b">PUL</subfield>
  </datafield>
  <datafield ind1=" " ind2=" " tag="999">
    <subfield code="a">347856</subfield>
  </datafield>
  <datafield ind1="0" ind2="0" tag="852">
    <subfield code="0">380034</subfield>
    <subfield code="b">rcppa</subfield>
    <subfield code="t">1</subfield>
    <subfield code="h">PJ7538.G45</subfield>
    <subfield code="i">xB3</subfield>
    <subfield code="x">tr fr arab</subfield>
  </datafield>
  <datafield ind1=" " ind2=" " tag="959">
    <subfield code="a">2006-11-08 11:46:30 -0500</subfield>
  </datafield>
</record>
